@misc{faken_kaggle,
  author={Kaggle},
  title = {{F}ake {N}ews: build a system to identify unreliable news articles},
  howpublished = {\url{https://www.kaggle.com/c/fake-news/data}},
  note = {Accessed: 2020-05-14}
}
@misc{Hao2018,
author = {Hao, Karen},
title = {What is machine learning? in MIT Technology Review},
howpublished = {\url{https://www.technologyreview.com/2018/11/17/103781/what-is-machine-learning-we-drew-you-another-flowchart/}},
year = {2018}
}
@article{Hinton2006,
author = {Hinton, Geoffrey E. and Osindero, Simon and Teh, Yee-Whye},
title = {A Fast Learning Algorithm for Deep Belief Nets},
journal = {Neural Computation},
volume = {18},
number = {7},
pages = {1527-1554},
year = {2006},
doi = {10.1162/neco.2006.18.7.1527}
}
@article{scikit-learn,
 title={Scikit-learn: Machine Learning in {P}ython},
 author={Pedregosa, F. and Varoquaux, G. and Gramfort, A. and Michel, V.
         and Thirion, B. and Grisel, O. and Blondel, M. and Prettenhofer, P.
         and Weiss, R. and Dubourg, V. and Vanderplas, J. and Passos, A. and
         Cournapeau, D. and Brucher, M. and Perrot, M. and Duchesnay, E.},
 journal={Journal of Machine Learning Research},
 volume={12},
 pages={2825--2830},
 year={2011}
}
@inproceedings{scikit-api,
  author    = {Lars Buitinck and Gilles Louppe and Mathieu Blondel and
               Fabian Pedregosa and Andreas Mueller and Olivier Grisel and
               Vlad Niculae and Peter Prettenhofer and Alexandre Gramfort
               and Jaques Grobler and Robert Layton and Jake VanderPlas and
               Arnaud Joly and Brian Holt and Ga{\"{e}}l Varoquaux},
  title     = {{API} design for machine learning software: experiences from the scikit-learn
               project},
  booktitle = {ECML PKDD Workshop: Languages for Data Mining and Machine Learning},
  year      = {2013},
  pages = {108--122},
}
